<?xml version="1.0" encoding="UTF-8"?><record xmlns="http://www.loc.gov/MARC21/slim" xmlns:cinclude="http://apache.org/cocoon/include/1.0" xmlns:zs="http://www.loc.gov/zing/srw/">
  <leader>00339nz  a2200121n  4500</leader>
  <controlfield tag="001">nr 00032501 </controlfield>
  <controlfield tag="003">DLC</controlfield>
  <controlfield tag="005">20001024034016.0</controlfield>
  <controlfield tag="008">001016n| acannaabn          |n aaa     c</controlfield>
  <datafield tag="010" ind1=" " ind2=" ">
    <subfield code="a">nr 00032501 </subfield>
  </datafield>
  <datafield tag="040" ind1=" " ind2=" ">
    <subfield code="a">NIC</subfield>
    <subfield code="b">eng</subfield>
    <subfield code="c">NIC</subfield>
  </datafield>
  <datafield tag="100" ind1="1" ind2=" ">
    <subfield code="a">Gusʹkov, N. S.</subfield>
  </datafield>
  <datafield tag="670" ind1=" " ind2=" ">
    <subfield code="a">Ėkonomicheskai︠a︡ bezopasnostʹ regionov Rossii, 2000:</subfield>
    <subfield code="b">t.p. (Gusʹkov N.S.)</subfield>
  </datafield>
</record>